<record><leader>00000cas a22000007a 4500</leader><controlfield tag="001">14171490</controlfield><controlfield tag="008">860902d187018uutxucr ne      0    0eng d</controlfield><datafield ind1=" " ind2=" " tag="010"><subfield code="a">sn 86088757 </subfield></datafield><datafield ind1=" " ind2=" " tag="040"><subfield code="a">PPM</subfield><subfield code="b">eng</subfield><subfield code="c">PPM</subfield><subfield code="d">OCLCQ</subfield></datafield><datafield ind1=" " ind2=" " tag="042"><subfield code="a">msc</subfield></datafield><datafield ind1="0" ind2="0" tag="245"><subfield code="a">Belton semi-weekly journal.</subfield></datafield><datafield ind1="3" ind2="0" tag="246"><subfield code="a">Belton semiweekly journal</subfield></datafield><datafield ind1=" " ind2=" " tag="260"><subfield code="a">Belton, Tex. :</subfield><subfield code="b">J.H. Davenport</subfield></datafield><datafield ind1=" " ind2=" " tag="300"><subfield code="a">v. ;</subfield><subfield code="c">50 cm.</subfield></datafield><datafield ind1=" " ind2=" " tag="310"><subfield code="a">Semiweekly</subfield></datafield><datafield ind1="1" ind2=" " tag="362"><subfield code="a">Began in 1870?</subfield></datafield><datafield ind1=" " ind2=" " tag="588"><subfield code="a">Description based on: Vol. 1, no. 3 (Apr. 23, 1870).</subfield></datafield><datafield ind1=" " ind2=" " tag="752"><subfield code="a">United States</subfield><subfield code="b">Texas</subfield><subfield code="c">Bell</subfield><subfield code="d">Belton.</subfield></datafield><datafield ind1="0" ind2=" " tag="775"><subfield code="t">Belton journal (Belton, Tex. : 1866)</subfield><subfield code="w">(DLC)sn 83026377</subfield></datafield><datafield ind1="0" ind2="0" tag="780"><subfield code="t">Semi-weekly journal (Belton, Tex. : 1866)</subfield><subfield code="w">(DLC)sn 86088756</subfield></datafield></record>